%YAML 1.1
%TAG !u! tag:unity3d.com,2011:
--- !u!29 &1
OcclusionCullingSettings:
  m_ObjectHideFlags: 0
  serializedVersion: 2
  m_OcclusionBakeSettings:
    smallestOccluder: 5
    smallestHole: 0.25
    backfaceThreshold: 100
  m_SceneGUID: 00000000000000000000000000000000
  m_OcclusionCullingData: {fileID: 0}
--- !u!104 &2
RenderSettings:
  m_ObjectHideFlags: 0
  serializedVersion: 9
  m_Fog: 0
  m_FogColor: {r: 0.5, g: 0.5, b: 0.5, a: 1}
  m_FogMode: 3
  m_FogDensity: 0.01
  m_LinearFogStart: 0
  m_LinearFogEnd: 300
  m_AmbientSkyColor: {r: 0.212, g: 0.227, b: 0.259, a: 1}
  m_AmbientEquatorColor: {r: 0.114, g: 0.125, b: 0.133, a: 1}
  m_AmbientGroundColor: {r: 0.047, g: 0.043, b: 0.035, a: 1}
  m_AmbientIntensity: 1
  m_AmbientMode: 0
  m_SubtractiveShadowColor: {r: 0.42, g: 0.478, b: 0.627, a: 1}
  m_SkyboxMaterial: {fileID: 10304, guid: 0000000000000000f000000000000000, type: 0}
  m_HaloStrength: 0.5
  m_FlareStrength: 1
  m_FlareFadeSpeed: 3
  m_HaloTexture: {fileID: 0}
  m_SpotCookie: {fileID: 10001, guid: 0000000000000000e000000000000000, type: 0}
  m_DefaultReflectionMode: 0
  m_DefaultReflectionResolution: 128
  m_ReflectionBounces: 1
  m_ReflectionIntensity: 1
  m_CustomReflection: {fileID: 0}
  m_Sun: {fileID: 0}
  m_IndirectSpecularColor: {r: 0.44657898, g: 0.4964133, b: 0.5748178, a: 1}
  m_UseRadianceAmbientProbe: 0
--- !u!157 &3
LightmapSettings:
  m_ObjectHideFlags: 0
  serializedVersion: 11
  m_GIWorkflowMode: 0
  m_GISettings:
    serializedVersion: 2
    m_BounceScale: 1
    m_IndirectOutputScale: 1
    m_AlbedoBoost: 1
    m_EnvironmentLightingMode: 0
    m_EnableBakedLightmaps: 1
    m_EnableRealtimeLightmaps: 0
  m_LightmapEditorSettings:
    serializedVersion: 12
    m_Resolution: 2
    m_BakeResolution: 10
    m_AtlasSize: 512
    m_AO: 0
    m_AOMaxDistance: 1
    m_CompAOExponent: 1
    m_CompAOExponentDirect: 0
    m_ExtractAmbientOcclusion: 0
    m_Padding: 2
    m_LightmapParameters: {fileID: 0}
    m_LightmapsBakeMode: 1
    m_TextureCompression: 1
    m_FinalGather: 0
    m_FinalGatherFiltering: 1
    m_FinalGatherRayCount: 256
    m_ReflectionCompression: 2
    m_MixedBakeMode: 2
    m_BakeBackend: 1
    m_PVRSampling: 1
    m_PVRDirectSampleCount: 32
    m_PVRSampleCount: 256
    m_PVRBounces: 2
    m_PVREnvironmentSampleCount: 256
    m_PVREnvironmentReferencePointCount: 2048
    m_PVRFilteringMode: 2
    m_PVRDenoiserTypeDirect: 0
    m_PVRDenoiserTypeIndirect: 0
    m_PVRDenoiserTypeAO: 0
    m_PVRFilterTypeDirect: 0
    m_PVRFilterTypeIndirect: 0
    m_PVRFilterTypeAO: 0
    m_PVREnvironmentMIS: 0
    m_PVRCulling: 1
    m_PVRFilteringGaussRadiusDirect: 1
    m_PVRFilteringGaussRadiusIndirect: 5
    m_PVRFilteringGaussRadiusAO: 2
    m_PVRFilteringAtrousPositionSigmaDirect: 0.5
    m_PVRFilteringAtrousPositionSigmaIndirect: 2
    m_PVRFilteringAtrousPositionSigmaAO: 1
    m_ExportTrainingData: 0
    m_TrainingDataDestination: TrainingData
  m_LightingDataAsset: {fileID: 0}
  m_UseShadowmask: 1
--- !u!196 &4
NavMeshSettings:
  serializedVersion: 2
  m_ObjectHideFlags: 0
  m_BuildSettings:
    serializedVersion: 2
    agentTypeID: 0
    agentRadius: 0.5
    agentHeight: 2
    agentSlope: 45
    agentClimb: 0.4
    ledgeDropHeight: 0
    maxJumpAcrossDistance: 0
    minRegionArea: 2
    manualCellSize: 0
    cellSize: 0.16666667
    manualTileSize: 0
    tileSize: 256
    accuratePlacement: 0
    debug:
      m_Flags: 0
  m_NavMeshData: {fileID: 0}
--- !u!224 &117175002 stripped
RectTransform:
  m_CorrespondingSourceObject: {fileID: 224268590506832050, guid: a07475a0f29ed6e43ad6f3cfc268efe1,
    type: 3}
  m_PrefabInstance: {fileID: 393936610}
  m_PrefabAsset: {fileID: 0}
--- !u!1001 &393936610
PrefabInstance:
  m_ObjectHideFlags: 0
  serializedVersion: 2
  m_Modification:
    m_TransformParent: {fileID: 1156869236}
    m_Modifications:
    - target: {fileID: 1917632166715870, guid: a07475a0f29ed6e43ad6f3cfc268efe1, type: 3}
      propertyPath: m_IsActive
      value: 1
      objectReference: {fileID: 0}
    - target: {fileID: 224268590506832050, guid: a07475a0f29ed6e43ad6f3cfc268efe1,
        type: 3}
      propertyPath: m_LocalPosition.x
      value: 0
      objectReference: {fileID: 0}
    - target: {fileID: 224268590506832050, guid: a07475a0f29ed6e43ad6f3cfc268efe1,
        type: 3}
      propertyPath: m_LocalPosition.y
      value: 0
      objectReference: {fileID: 0}
    - target: {fileID: 224268590506832050, guid: a07475a0f29ed6e43ad6f3cfc268efe1,
        type: 3}
      propertyPath: m_LocalPosition.z
      value: 0
      objectReference: {fileID: 0}
    - target: {fileID: 224268590506832050, guid: a07475a0f29ed6e43ad6f3cfc268efe1,
        type: 3}
      propertyPath: m_LocalRotation.x
      value: 0
      objectReference: {fileID: 0}
    - target: {fileID: 224268590506832050, guid: a07475a0f29ed6e43ad6f3cfc268efe1,
        type: 3}
      propertyPath: m_LocalRotation.y
      value: 0
      objectReference: {fileID: 0}
    - target: {fileID: 224268590506832050, guid: a07475a0f29ed6e43ad6f3cfc268efe1,
        type: 3}
      propertyPath: m_LocalRotation.z
      value: 0
      objectReference: {fileID: 0}
    - target: {fileID: 224268590506832050, guid: a07475a0f29ed6e43ad6f3cfc268efe1,
        type: 3}
      propertyPath: m_LocalRotation.w
      value: 1
      objectReference: {fileID: 0}
    - target: {fileID: 224268590506832050, guid: a07475a0f29ed6e43ad6f3cfc268efe1,
        type: 3}
      propertyPath: m_RootOrder
      value: 0
      objectReference: {fileID: 0}
    - target: {fileID: 224268590506832050, guid: a07475a0f29ed6e43ad6f3cfc268efe1,
        type: 3}
      propertyPath: m_AnchoredPosition.x
      value: 0
      objectReference: {fileID: 0}
    - target: {fileID: 224268590506832050, guid: a07475a0f29ed6e43ad6f3cfc268efe1,
        type: 3}
      propertyPath: m_AnchoredPosition.y
      value: 0
      objectReference: {fileID: 0}
    - target: {fileID: 224268590506832050, guid: a07475a0f29ed6e43ad6f3cfc268efe1,
        type: 3}
      propertyPath: m_SizeDelta.x
      value: 0
      objectReference: {fileID: 0}
    - target: {fileID: 224268590506832050, guid: a07475a0f29ed6e43ad6f3cfc268efe1,
        type: 3}
      propertyPath: m_SizeDelta.y
      value: 0
      objectReference: {fileID: 0}
    - target: {fileID: 224268590506832050, guid: a07475a0f29ed6e43ad6f3cfc268efe1,
        type: 3}
      propertyPath: m_AnchorMin.x
      value: 0
      objectReference: {fileID: 0}
    - target: {fileID: 224268590506832050, guid: a07475a0f29ed6e43ad6f3cfc268efe1,
        type: 3}
      propertyPath: m_AnchorMin.y
      value: 0
      objectReference: {fileID: 0}
    - target: {fileID: 224268590506832050, guid: a07475a0f29ed6e43ad6f3cfc268efe1,
        type: 3}
      propertyPath: m_AnchorMax.x
      value: 0
      objectReference: {fileID: 0}
    - target: {fileID: 224268590506832050, guid: a07475a0f29ed6e43ad6f3cfc268efe1,
        type: 3}
      propertyPath: m_AnchorMax.y
      value: 0
      objectReference: {fileID: 0}
    - target: {fileID: 224268590506832050, guid: a07475a0f29ed6e43ad6f3cfc268efe1,
        type: 3}
      propertyPath: m_Pivot.x
      value: 0
      objectReference: {fileID: 0}
    - target: {fileID: 224268590506832050, guid: a07475a0f29ed6e43ad6f3cfc268efe1,
        type: 3}
      propertyPath: m_Pivot.y
      value: 0
      objectReference: {fileID: 0}
    - target: {fileID: 114206224031470420, guid: a07475a0f29ed6e43ad6f3cfc268efe1,
        type: 3}
      propertyPath: m_OnClick.m_PersistentCalls.m_Calls.Array.data[0].m_Target
      value: 
      objectReference: {fileID: 1156869237}
    - target: {fileID: 114824734220282354, guid: a07475a0f29ed6e43ad6f3cfc268efe1,
        type: 3}
      propertyPath: m_Sprite
      value: 
      objectReference: {fileID: 10911, guid: 0000000000000000f000000000000000, type: 0}
    - target: {fileID: 114824734220282354, guid: a07475a0f29ed6e43ad6f3cfc268efe1,
        type: 3}
      propertyPath: m_Type
      value: 0
      objectReference: {fileID: 0}
    - target: {fileID: 1166714374812270, guid: a07475a0f29ed6e43ad6f3cfc268efe1, type: 3}
      propertyPath: m_IsActive
      value: 0
      objectReference: {fileID: 0}
    - target: {fileID: 224065342912393906, guid: a07475a0f29ed6e43ad6f3cfc268efe1,
        type: 3}
      propertyPath: m_AnchoredPosition.y
      value: 0
      objectReference: {fileID: 0}
    - target: {fileID: 8061903526821269643, guid: a07475a0f29ed6e43ad6f3cfc268efe1,
        type: 3}
      propertyPath: m_AnchoredPosition.x
      value: -0.2999878
      objectReference: {fileID: 0}
    - target: {fileID: 8061903526821269643, guid: a07475a0f29ed6e43ad6f3cfc268efe1,
        type: 3}
      propertyPath: m_AnchoredPosition.y
      value: 0
      objectReference: {fileID: 0}
    - target: {fileID: 8061903526821269643, guid: a07475a0f29ed6e43ad6f3cfc268efe1,
        type: 3}
      propertyPath: m_SizeDelta.y
      value: 0
      objectReference: {fileID: 0}
    - target: {fileID: 8061903526821269643, guid: a07475a0f29ed6e43ad6f3cfc268efe1,
        type: 3}
      propertyPath: m_SizeDelta.x
      value: -48
      objectReference: {fileID: 0}
    - target: {fileID: 224917822709997356, guid: a07475a0f29ed6e43ad6f3cfc268efe1,
        type: 3}
      propertyPath: m_LocalScale.x
      value: 1
      objectReference: {fileID: 0}
    - target: {fileID: 224917822709997356, guid: a07475a0f29ed6e43ad6f3cfc268efe1,
        type: 3}
      propertyPath: m_LocalScale.y
      value: 1
      objectReference: {fileID: 0}
    - target: {fileID: 224917822709997356, guid: a07475a0f29ed6e43ad6f3cfc268efe1,
        type: 3}
      propertyPath: m_LocalScale.z
      value: 1
      objectReference: {fileID: 0}
    - target: {fileID: 224917822709997356, guid: a07475a0f29ed6e43ad6f3cfc268efe1,
        type: 3}
      propertyPath: m_AnchorMin.x
      value: 0.5
      objectReference: {fileID: 0}
    - target: {fileID: 224917822709997356, guid: a07475a0f29ed6e43ad6f3cfc268efe1,
        type: 3}
      propertyPath: m_AnchorMin.y
      value: 0.5
      objectReference: {fileID: 0}
    - target: {fileID: 224917822709997356, guid: a07475a0f29ed6e43ad6f3cfc268efe1,
        type: 3}
      propertyPath: m_AnchorMax.x
      value: 0.5
      objectReference: {fileID: 0}
    - target: {fileID: 224917822709997356, guid: a07475a0f29ed6e43ad6f3cfc268efe1,
        type: 3}
      propertyPath: m_AnchorMax.y
      value: 0.5
      objectReference: {fileID: 0}
    - target: {fileID: 224917822709997356, guid: a07475a0f29ed6e43ad6f3cfc268efe1,
        type: 3}
      propertyPath: m_AnchoredPosition.x
      value: -1
      objectReference: {fileID: 0}
    - target: {fileID: 224917822709997356, guid: a07475a0f29ed6e43ad6f3cfc268efe1,
        type: 3}
      propertyPath: m_AnchoredPosition.y
      value: 21.5
      objectReference: {fileID: 0}
    - target: {fileID: 224917822709997356, guid: a07475a0f29ed6e43ad6f3cfc268efe1,
        type: 3}
      propertyPath: m_SizeDelta.x
      value: 824.25165
      objectReference: {fileID: 0}
    - target: {fileID: 224917822709997356, guid: a07475a0f29ed6e43ad6f3cfc268efe1,
        type: 3}
      propertyPath: m_SizeDelta.y
      value: 1109.3987
      objectReference: {fileID: 0}
    - target: {fileID: 224313337124732606, guid: a07475a0f29ed6e43ad6f3cfc268efe1,
        type: 3}
      propertyPath: m_AnchoredPosition.y
      value: -315.2
      objectReference: {fileID: 0}
    - target: {fileID: 224313337124732606, guid: a07475a0f29ed6e43ad6f3cfc268efe1,
        type: 3}
      propertyPath: m_SizeDelta.y
      value: -1008.3
      objectReference: {fileID: 0}
    - target: {fileID: 224313337124732606, guid: a07475a0f29ed6e43ad6f3cfc268efe1,
        type: 3}
      propertyPath: m_AnchoredPosition.x
      value: 0
      objectReference: {fileID: 0}
    - target: {fileID: 224313337124732606, guid: a07475a0f29ed6e43ad6f3cfc268efe1,
        type: 3}
      propertyPath: m_SizeDelta.x
      value: -381.5
      objectReference: {fileID: 0}
    m_RemovedComponents: []
  m_SourcePrefab: {fileID: 100100000, guid: a07475a0f29ed6e43ad6f3cfc268efe1, type: 3}
--- !u!1 &534669902
GameObject:
  m_ObjectHideFlags: 0
  m_CorrespondingSourceObject: {fileID: 0}
  m_PrefabInstance: {fileID: 0}
  m_PrefabAsset: {fileID: 0}
  serializedVersion: 6
  m_Component:
  - component: {fileID: 534669905}
  - component: {fileID: 534669904}
  - component: {fileID: 534669903}
  m_Layer: 0
  m_Name: Main Camera
  m_TagString: MainCamera
  m_Icon: {fileID: 0}
  m_NavMeshLayer: 0
  m_StaticEditorFlags: 0
  m_IsActive: 1
--- !u!81 &534669903
AudioListener:
  m_ObjectHideFlags: 0
  m_CorrespondingSourceObject: {fileID: 0}
  m_PrefabInstance: {fileID: 0}
  m_PrefabAsset: {fileID: 0}
  m_GameObject: {fileID: 534669902}
  m_Enabled: 1
--- !u!20 &534669904
Camera:
  m_ObjectHideFlags: 0
  m_CorrespondingSourceObject: {fileID: 0}
  m_PrefabInstance: {fileID: 0}
  m_PrefabAsset: {fileID: 0}
  m_GameObject: {fileID: 534669902}
  m_Enabled: 1
  serializedVersion: 2
  m_ClearFlags: 1
  m_BackGroundColor: {r: 0.19215687, g: 0.3019608, b: 0.4745098, a: 0}
  m_projectionMatrixMode: 1
  m_GateFitMode: 2
  m_FOVAxisMode: 0
  m_SensorSize: {x: 36, y: 24}
  m_LensShift: {x: 0, y: 0}
  m_FocalLength: 50
  m_NormalizedViewPortRect:
    serializedVersion: 2
    x: 0
    y: 0
    width: 1
    height: 1
  near clip plane: 0.3
  far clip plane: 1000
  field of view: 60
  orthographic: 0
  orthographic size: 5
  m_Depth: -1
  m_CullingMask:
    serializedVersion: 2
    m_Bits: 4294967295
  m_RenderingPath: -1
  m_TargetTexture: {fileID: 0}
  m_TargetDisplay: 0
  m_TargetEye: 3
  m_HDR: 1
  m_AllowMSAA: 1
  m_AllowDynamicResolution: 0
  m_ForceIntoRT: 0
  m_OcclusionCulling: 1
  m_StereoConvergence: 10
  m_StereoSeparation: 0.022
--- !u!4 &534669905
Transform:
  m_ObjectHideFlags: 0
  m_CorrespondingSourceObject: {fileID: 0}
  m_PrefabInstance: {fileID: 0}
  m_PrefabAsset: {fileID: 0}
  m_GameObject: {fileID: 534669902}
  m_LocalRotation: {x: 0, y: 0, z: 0, w: 1}
  m_LocalPosition: {x: 0, y: 1, z: -10}
  m_LocalScale: {x: 1, y: 1, z: 1}
  m_Children: []
  m_Father: {fileID: 0}
  m_RootOrder: 1
  m_LocalEulerAnglesHint: {x: 0, y: 0, z: 0}
--- !u!1 &776931891
GameObject:
  m_ObjectHideFlags: 0
  m_CorrespondingSourceObject: {fileID: 0}
  m_PrefabInstance: {fileID: 0}
  m_PrefabAsset: {fileID: 0}
  serializedVersion: 6
  m_Component:
  - component: {fileID: 776931893}
  - component: {fileID: 776931892}
  m_Layer: 0
  m_Name: Directional Light
  m_TagString: Untagged
  m_Icon: {fileID: 0}
  m_NavMeshLayer: 0
  m_StaticEditorFlags: 0
  m_IsActive: 1
--- !u!108 &776931892
Light:
  m_ObjectHideFlags: 0
  m_CorrespondingSourceObject: {fileID: 0}
  m_PrefabInstance: {fileID: 0}
  m_PrefabAsset: {fileID: 0}
  m_GameObject: {fileID: 776931891}
  m_Enabled: 1
  serializedVersion: 9
  m_Type: 1
  m_Color: {r: 1, g: 1, b: 1, a: 1}
  m_Intensity: 0.5
  m_Range: 10
  m_SpotAngle: 30
  m_InnerSpotAngle: 21.80208
  m_CookieSize: 10
  m_Shadows:
    m_Type: 0
    m_Resolution: -1
    m_CustomResolution: -1
    m_Strength: 1
    m_Bias: 0.05
    m_NormalBias: 0.4
    m_NearPlane: 0.2
    m_CullingMatrixOverride:
      e00: 1
      e01: 0
      e02: 0
      e03: 0
      e10: 0
      e11: 1
      e12: 0
      e13: 0
      e20: 0
      e21: 0
      e22: 1
      e23: 0
      e30: 0
      e31: 0
      e32: 0
      e33: 1
    m_UseCullingMatrixOverride: 0
  m_Cookie: {fileID: 0}
  m_DrawHalo: 0
  m_Flare: {fileID: 0}
  m_RenderMode: 0
  m_CullingMask:
    serializedVersion: 2
    m_Bits: 4294967295
  m_RenderingLayerMask: 1
  m_Lightmapping: 4
  m_LightShadowCasterMode: 0
  m_AreaSize: {x: 1, y: 1}
  m_BounceIntensity: 1
  m_ColorTemperature: 6570
  m_UseColorTemperature: 0
  m_BoundingSphereOverride: {x: 0, y: 0, z: 0, w: 0}
  m_UseBoundingSphereOverride: 0
  m_ShadowRadius: 0
  m_ShadowAngle: 0
--- !u!4 &776931893
Transform:
  m_ObjectHideFlags: 0
  m_CorrespondingSourceObject: {fileID: 0}
  m_PrefabInstance: {fileID: 0}
  m_PrefabAsset: {fileID: 0}
  m_GameObject: {fileID: 776931891}
  m_LocalRotation: {x: 0.40821788, y: -0.23456968, z: 0.10938163, w: 0.8754261}
  m_LocalPosition: {x: 144.7139, y: 309.77344, z: -2.329389}
  m_LocalScale: {x: 1, y: 1, z: 1}
  m_Children: []
  m_Father: {fileID: 0}
  m_RootOrder: 4
  m_LocalEulerAnglesHint: {x: 50, y: -30, z: 0}
--- !u!114 &819244195 stripped
MonoBehaviour:
  m_CorrespondingSourceObject: {fileID: 114824734220282354, guid: a07475a0f29ed6e43ad6f3cfc268efe1,
    type: 3}
  m_PrefabInstance: {fileID: 393936610}
  m_PrefabAsset: {fileID: 0}
  m_GameObject: {fileID: 0}
  m_Enabled: 1
  m_EditorHideFlags: 0
  m_Script: {fileID: 11500000, guid: fe87c0e1cc204ed48ad3b37840f39efc, type: 3}
  m_Name: 
  m_EditorClassIdentifier: 
--- !u!1 &1156869234
GameObject:
  m_ObjectHideFlags: 0
  m_CorrespondingSourceObject: {fileID: 0}
  m_PrefabInstance: {fileID: 0}
  m_PrefabAsset: {fileID: 0}
  serializedVersion: 6
  m_Component:
  - component: {fileID: 1156869236}
  - component: {fileID: 1156869238}
  - component: {fileID: 1156869237}
  - component: {fileID: 1156869239}
  m_Layer: 0
  m_Name: Main
  m_TagString: Untagged
  m_Icon: {fileID: 0}
  m_NavMeshLayer: 0
  m_StaticEditorFlags: 0
  m_IsActive: 1
--- !u!4 &1156869236
Transform:
  m_ObjectHideFlags: 0
  m_CorrespondingSourceObject: {fileID: 0}
  m_PrefabInstance: {fileID: 0}
  m_PrefabAsset: {fileID: 0}
  m_GameObject: {fileID: 1156869234}
  m_LocalRotation: {x: 0, y: 0, z: 0, w: 1}
  m_LocalPosition: {x: 303.4694, y: 938.1575, z: 4.497538}
  m_LocalScale: {x: 1, y: 1, z: 1}
  m_Children:
  - {fileID: 117175002}
  m_Father: {fileID: 0}
  m_RootOrder: 0
  m_LocalEulerAnglesHint: {x: 0, y: 0, z: 0}
--- !u!114 &1156869237
MonoBehaviour:
  m_ObjectHideFlags: 0
  m_CorrespondingSourceObject: {fileID: 0}
  m_PrefabInstance: {fileID: 0}
  m_PrefabAsset: {fileID: 0}
  m_GameObject: {fileID: 1156869234}
  m_Enabled: 1
  m_EditorHideFlags: 0
  m_Script: {fileID: 11500000, guid: 70cbb967949052d4e82cdb18c9f2f38b, type: 3}
  m_Name: 
  m_EditorClassIdentifier: 
  ThePlayerData:
    SaveAccount: 
    SavePassword: 
    PlayerID: 0
    Coins: 0
    WealthTracerRank: 0
    WealthTracerMoney: 0
    BestTracerRank: 0
    BestTracerMoney: 0
    finishedMission: 0
    Name: 
    mCardsText: []
    SchoolID: 0
  mShowRewardCard: {fileID: 1359769964}
  mRewardCardImg: {fileID: 819244195}
  mRewardCardText: {fileID: 1375273058}
--- !u!114 &1156869238
MonoBehaviour:
  m_ObjectHideFlags: 0
  m_CorrespondingSourceObject: {fileID: 0}
  m_PrefabInstance: {fileID: 0}
  m_PrefabAsset: {fileID: 0}
  m_GameObject: {fileID: 1156869234}
  m_Enabled: 1
  m_EditorHideFlags: 0
  m_Script: {fileID: 11500000, guid: 9a5537b0864ca2849a2fd3e02dd05f39, type: 3}
  m_Name: 
  m_EditorClassIdentifier: 
  mObjectPool:
  - {fileID: 1872839827811838, guid: 5b543b4dc51c2a54e91ac705fe204bc9, type: 3}
  - {fileID: 1010074347500432, guid: 02f6b0365c610e74c85d164f8d5b439b, type: 3}
  - {fileID: 1010074347500432, guid: 1f66fff4801dcfe468588c1badfc6147, type: 3}
  mSystemType: 0
--- !u!114 &1156869239
MonoBehaviour:
  m_ObjectHideFlags: 0
  m_CorrespondingSourceObject: {fileID: 0}
  m_PrefabInstance: {fileID: 0}
  m_PrefabAsset: {fileID: 0}
  m_GameObject: {fileID: 1156869234}
  m_Enabled: 1
  m_EditorHideFlags: 0
  m_Script: {fileID: 11500000, guid: 9391d5a252732a343a7f2dd98a9b6280, type: 3}
  m_Name: 
  m_EditorClassIdentifier: 
  mSystemType: 0
--- !u!1 &1359769964 stripped
GameObject:
  m_CorrespondingSourceObject: {fileID: 1166714374812270, guid: a07475a0f29ed6e43ad6f3cfc268efe1,
    type: 3}
  m_PrefabInstance: {fileID: 393936610}
  m_PrefabAsset: {fileID: 0}
--- !u!114 &1375273058 stripped
MonoBehaviour:
  m_CorrespondingSourceObject: {fileID: 114127572505785496, guid: a07475a0f29ed6e43ad6f3cfc268efe1,
    type: 3}
  m_PrefabInstance: {fileID: 393936610}
  m_PrefabAsset: {fileID: 0}
  m_GameObject: {fileID: 0}
  m_Enabled: 1
  m_EditorHideFlags: 0
  m_Script: {fileID: 11500000, guid: 5f7201a12d95ffc409449d95f23cf332, type: 3}
  m_Name: 
  m_EditorClassIdentifier: 
--- !u!1 &1530517384
GameObject:
  m_ObjectHideFlags: 0
  m_CorrespondingSourceObject: {fileID: 0}
  m_PrefabInstance: {fileID: 0}
  m_PrefabAsset: {fileID: 0}
  serializedVersion: 6
  m_Component:
  - component: {fileID: 1530517387}
  - component: {fileID: 1530517386}
  - component: {fileID: 1530517385}
  m_Layer: 0
  m_Name: EventSystem
  m_TagString: Untagged
  m_Icon: {fileID: 0}
  m_NavMeshLayer: 0
  m_StaticEditorFlags: 0
  m_IsActive: 1
--- !u!114 &1530517385
MonoBehaviour:
  m_ObjectHideFlags: 0
  m_CorrespondingSourceObject: {fileID: 0}
  m_PrefabInstance: {fileID: 0}
  m_PrefabAsset: {fileID: 0}
  m_GameObject: {fileID: 1530517384}
  m_Enabled: 1
  m_EditorHideFlags: 0
  m_Script: {fileID: 11500000, guid: 4f231c4fb786f3946a6b90b886c48677, type: 3}
  m_Name: 
  m_EditorClassIdentifier: 
  m_HorizontalAxis: Horizontal
  m_VerticalAxis: Vertical
  m_SubmitButton: Submit
  m_CancelButton: Cancel
  m_InputActionsPerSecond: 10
  m_RepeatDelay: 0.5
  m_ForceModuleActive: 0
--- !u!114 &1530517386
MonoBehaviour:
  m_ObjectHideFlags: 0
  m_CorrespondingSourceObject: {fileID: 0}
  m_PrefabInstance: {fileID: 0}
  m_PrefabAsset: {fileID: 0}
  m_GameObject: {fileID: 1530517384}
  m_Enabled: 1
  m_EditorHideFlags: 0
  m_Script: {fileID: 11500000, guid: 76c392e42b5098c458856cdf6ecaaaa1, type: 3}
  m_Name: 
  m_EditorClassIdentifier: 
  m_FirstSelected: {fileID: 0}
  m_sendNavigationEvents: 1
  m_DragThreshold: 10
--- !u!4 &1530517387
Transform:
  m_ObjectHideFlags: 0
  m_CorrespondingSourceObject: {fileID: 0}
  m_PrefabInstance: {fileID: 0}
  m_PrefabAsset: {fileID: 0}
  m_GameObject: {fileID: 1530517384}
  m_LocalRotation: {x: 0, y: 0, z: 0, w: 1}
  m_LocalPosition: {x: 0, y: 0, z: 0}
  m_LocalScale: {x: 1, y: 1, z: 1}
  m_Children: []
  m_Father: {fileID: 0}
  m_RootOrder: 2
  m_LocalEulerAnglesHint: {x: 0, y: 0, z: 0}
--- !u!1 &1870108142
GameObject:
  m_ObjectHideFlags: 0
  m_CorrespondingSourceObject: {fileID: 0}
  m_PrefabInstance: {fileID: 0}
  m_PrefabAsset: {fileID: 0}
  serializedVersion: 6
  m_Component:
  - component: {fileID: 1870108145}
  - component: {fileID: 1870108144}
  - component: {fileID: 1870108143}
  m_Layer: 0
  m_Name: Reporter
  m_TagString: Untagged
  m_Icon: {fileID: 0}
  m_NavMeshLayer: 0
  m_StaticEditorFlags: 0
  m_IsActive: 1
--- !u!114 &1870108143
MonoBehaviour:
  m_ObjectHideFlags: 0
  m_CorrespondingSourceObject: {fileID: 0}
  m_PrefabInstance: {fileID: 0}
  m_PrefabAsset: {fileID: 0}
  m_GameObject: {fileID: 1870108142}
  m_Enabled: 1
  m_EditorHideFlags: 0
  m_Script: {fileID: 11500000, guid: 6767a180de870304caa2013b2772dd62, type: 3}
  m_Name: 
  m_EditorClassIdentifier: 
--- !u!114 &1870108144
MonoBehaviour:
  m_ObjectHideFlags: 0
  m_CorrespondingSourceObject: {fileID: 0}
  m_PrefabInstance: {fileID: 0}
  m_PrefabAsset: {fileID: 0}
  m_GameObject: {fileID: 1870108142}
  m_Enabled: 1
  m_EditorHideFlags: 0
  m_Script: {fileID: 11500000, guid: 600c02144c4813244abd262cbcbe8825, type: 3}
  m_Name: 
  m_EditorClassIdentifier: 
  show: 0
  UserData: 
  fps: 0
  fpsText: 
  images:
    clearImage: {fileID: 2800000, guid: 112c6fcf56e349449ab2e6ad76b67816, type: 3}
    collapseImage: {fileID: 2800000, guid: 4623f326a884a2546ab39078bf7822c3, type: 3}
    clearOnNewSceneImage: {fileID: 2800000, guid: 3a6bc61a8319b1949ab9f1f2db1302b4,
      type: 3}
    showTimeImage: {fileID: 2800000, guid: 782e03669fa4a614e89ef56252134250, type: 3}
    showSceneImage: {fileID: 2800000, guid: ff4dfb29f203a174ab8e4c498afe908a, type: 3}
    userImage: {fileID: 2800000, guid: 2bcdc012e7356f1449ce7d3a31dc458c, type: 3}
    showMemoryImage: {fileID: 2800000, guid: f447d62f2dacf9843be7cbf168a3a9d0, type: 3}
    softwareImage: {fileID: 2800000, guid: 6c91fc88ee6c791468318d85febfb48d, type: 3}
    dateImage: {fileID: 2800000, guid: a7561cd0a9f62a84e99bff1abce2a222, type: 3}
    showFpsImage: {fileID: 2800000, guid: 90b2f48155dc0e74f8e428561ac79da5, type: 3}
    infoImage: {fileID: 2800000, guid: 2954bef266e6d794aba08ceacc887a0f, type: 3}
    saveLogsImage: {fileID: 2800000, guid: 4a4821d80a1fc774fb76eac6213544e7, type: 3}
    searchImage: {fileID: 2800000, guid: bfef37b5a26d2264798616d960451329, type: 3}
    copyImage: {fileID: 2800000, guid: 7f36d71624c630046b855909c497be17, type: 3}
    closeImage: {fileID: 2800000, guid: b65e9be99974bc94eab5d6698811d0b8, type: 3}
    buildFromImage: {fileID: 2800000, guid: 8702be598dd9f504ca33be2afee2ca33, type: 3}
    systemInfoImage: {fileID: 2800000, guid: e9011b1dc9256ad4d9c19a31c595f95f, type: 3}
    graphicsInfoImage: {fileID: 2800000, guid: 999d31716332cc04eb4abc9c9270b0ca, type: 3}
    backImage: {fileID: 2800000, guid: a0632a18e7c665641b94fea66506ab50, type: 3}
    logImage: {fileID: 2800000, guid: e876b803a4dd5c5488078071d15aa9c0, type: 3}
    warningImage: {fileID: 2800000, guid: 1066be8e7b994b94c8a182b8dbe30705, type: 3}
    errorImage: {fileID: 2800000, guid: 7640ebf8b3a92124d821d3b4b8b3fd7e, type: 3}
    barImage: {fileID: 2800000, guid: 8128d4f4c0193e34586f9631ef7d4787, type: 3}
    button_activeImage: {fileID: 2800000, guid: 2580a2e903691e44282e56ed6e0ff37a,
      type: 3}
    even_logImage: {fileID: 2800000, guid: d27aad55b568c6544b0b95a95da44bc7, type: 3}
    odd_logImage: {fileID: 2800000, guid: 8ffbb44a2c3adae45913474e4fd487f5, type: 3}
    selectedImage: {fileID: 2800000, guid: 17117a429b08e7e43b0b6c8421de69fe, type: 3}
    reporterScrollerSkin: {fileID: 11400000, guid: 1cc68832d00d3284a9324a4dc05be753,
      type: 2}
  size: {x: 32, y: 32}
  maxSize: 20
  numOfCircleToShow: 1
  Initialized: 0
  gestureCount: 0
--- !u!4 &1870108145
Transform:
  m_ObjectHideFlags: 0
  m_CorrespondingSourceObject: {fileID: 0}
  m_PrefabInstance: {fileID: 0}
  m_PrefabAsset: {fileID: 0}
  m_GameObject: {fileID: 1870108142}
  m_LocalRotation: {x: 0, y: 0, z: 0, w: 1}
  m_LocalPosition: {x: 0, y: 0, z: 0}
  m_LocalScale: {x: 1, y: 1, z: 1}
  m_Children: []
  m_Father: {fileID: 0}
  m_RootOrder: 3
  m_LocalEulerAnglesHint: {x: 0, y: 0, z: 0}
